@INBOOK{ recsys:nlathia,
AUTHOR    = {Neal Lathia}, 
EDITOR    = {Max Chevalier and Christine Julien and Chantal Soule-Dupuy },
TITLE     = {Computing Recommendations with Collaborative Filtering},
CHAPTER   = {2},
PAGES     = {23-38},
PUBLISHER = {IGI Global},
YEAR      = {2009},
Note      = {Book: Collaborative and Social Information Retrieval and Access: Techniques for Improved User Modeling},
url				= {http://www.igi-global.com/bookstore/Chapter.aspx?TitleId=6634}
}

@INBOOK{ start:candillier09,
AUTHOR    = {Laurent Candillier and Kris Jack and Fran√ßoise Fessant and Frank Meyer}, 
EDITOR    = {Max Chevalier and Christine Julien and Chantal Soule-Dupuy },
TITLE     = {State-of-the-Art Recommender Systems},
CHAPTER   = {1},
PAGES     = {1--22},
PUBLISHER = {IGI Global},
YEAR      = {2009},
Note      = {Book: Collaborative and Social Information Retrieval and Access: Techniques for Improved User Modeling},
url				= {http://www.igi-global.com/bookstore/Chapter.aspx?TitleId=6634}
}

@article{burke2002hybrid,
  address = {Hingham, MA, USA},
  author = {Robin Burke},
  interhash = {f40020400b8bc08adca29a987caf25d8},
  intrahash = {460b623792e13b4ec0e990563e57f26c},
  journal = {User Modeling and User-Adapted Interaction},
  number = 4,
  pages = {331--370},
  publisher = {Kluwer Academic Publishers},
  title = {Hybrid Recommender Systems: Survey and Experiments},
  url = {http://gamejam.cti.depaul.edu/~rburke/pubs/burke-umuai02.pdf},
  volume = 12,
  year = 2002,
  keywords = {hybrid recommender},
  added-at = {2010-03-03T03:22:19.000+0100},
  issn = {0924-1868},
  biburl = {http://www.bibsonomy.org/bibtex/2460b623792e13b4ec0e990563e57f26c/tchung},
  doi = {http://dx.doi.org/10.1023/A:1021240730564}
}

@misc{recsys:alban,
  author = "Alban Galland",
  title = "Recommender systems",
  month = "Marzo",
  year = "2010",
  howpublished = {Presentaci\'on disponible en: \url{http://alban.galland.free.fr/Documents/Enseignements/INF396/ recommendersystems-slides.pdf}},
  note = {INRIA-Saclay. Fecha de consulta: 20 de Julio del 2010}
}

@Misc{rep1:isra,
  author = 	 {Ismael Rafael Ponce Medell\'{i}n},
  title = 	 {B\'usquedas contextuales de servicios basados en localizaci\'{o}n en un entorno de web social},
  note = {Reporte de avance de tesis doctoral. CENIDET. Cuernavaca, Mor.},
  month = {Diciembre},
  year = 	 {2009}
}

@Misc{rep2:isra,
  author = 	 {Ismael Rafael Ponce Medell\'{i}n},
  title = 	 {B\'usquedas contextuales de servicios basados en localizaci\'{o}n en un entorno de web social},
  note = {Reporte de avance de tesis doctoral. CENIDET. Cuernavaca, Mor.},
  month = {Agosto},
  year = 	 {2010}
}


@misc{dcg:robertson,
  author = "Dave Stuart Robertson",
  title = "QuickProlog online book-url",
  year = "1998",
	address = "The University of Edinburgh",
  note = {\url{http://www.dai.ed.ac.uk/groups/ssp/bookpages/quickprolog/quickprolog.html}. Fecha de consulta: 14 de Julio de 2008}
}
